%\begin{filecontents}{\mybib.bib}

@booklet{Smith2012,
author = {USA: MicroImages},
title = {Introduction to Remote Sensing of the Environment},
date = {2012}
}

@article{Wanger2004,
author = {Wanger, W. and Ullrich, A. and Melzer, T.and Briese, C. and Kraus, K},
title = {From single-pulse to full-waveform airborne laser scanners: potential and practical challenges},
journaltitle = {Photogrammetry and Remote Sensing},
date = {2004}
year = {2004}
}

@article{Wehr1999,
author = {Wehr, A. and Lohr, U},
title = {Airborne laser scanning - an introduction and overview},
journaltitle = {ISPRS Journal of Photogrammerty and Remote Sensing},
date = {1999}
}

@article{Anderson2015,
	author = {Anderson, K and Hancock, S. and Disney, M. and Gaston, K.J.},
	title = {Is waveform worth it? A comparison of LiDAR approaches for vegetation and landscape characterization},
	journaltitle = {Remote Sensing in Ecology and Conservation},
	date = {2015},
	OPTjournalsubtitle = {Interdisciplinary Perspectives}
	OPTurl = {http://onlinelibrary.wiley.com/doi/10.1002/rse2.8/full}
}


@article{Cao2016,
	author = {Cao, L and Coops, N.C and Innes, L.I. and Dai, J. and Ruan, H},
	title = {Tree species classification in subtropical forests using small-footprint full-waveform LiDAR data},
	journaltitle = {International Journal of Applied Earth Observation and Geoinformation},
	date = {2016},
	OPTvolume = {49},
	OPTpages = {39-51},
	OPTurl = {http://www.sciencedirect.com/science/article/pii/S0303243416300071}
}


@reference{LAStools,
	editor = {Isenburg, M},
	title = {LAStools, efficient LiDAR processing software},
	OPTurl = {http://rapidlasso.com/LAStools},
	OPTurldate = {14/April/2016},
}


@online{ForestryCommision2014
	title = {About our Research into protecting trees}
	url = {http://www.forestry.gov.uk/fr/INFD-6XPF7B}
	OPTorganization = {organization},
	OPTdate = {19},
	OPTmonth = {September},
	OPTyear = {2014},
	OPTorganization = {Forestry Commision}
}

@online{DepartementOfConversation2014,
	title = {Animal Pests: Possums},
	url = {http://www.doc.govt.nz/conservation/threats-and-impacts/animal-pests/animal-pests-a-z/possums/},
	OPTorganization = {Department Of Conversation},
	OPTdate = {24},
	OPTmonth = {September},
	OPTyear = {2014}
}


@booklet{Bunting2014,
	ALTauthor = {Bunting, P.},
	title = {Personal Communication},
	date = {2014}
}

@reference{Bunting2014,
	editor = {Bunting, P.},
	title = {Personal Communication},
	date = {2014}
}


%\end{filecontents}